<?xml version="1.0" encoding="UTF-8"?><collection xmlns="http://www.loc.gov/MARC21/slim"><record><leader>00426nam--2200133-i-4500</leader><controlfield tag="001">000038348</controlfield><controlfield tag="002">20161230</controlfield><controlfield tag="005">20161230201041</controlfield><controlfield tag="008">060222s1000------------r-----000-0-eng-d</controlfield><datafield ind1=" " ind2=" " tag="100"><subfield code="a">Remick, F.J</subfield></datafield><datafield ind1=" " ind2=" " tag="245"><subfield code="a">Utilization of the pennsylvania state univ.reactor for research</subfield></datafield><datafield ind1=" " ind2=" " tag="260"><subfield code="a">Pennsylvania, Univ.Park, 1961, 35p</subfield></datafield><datafield ind1=" " ind2=" " tag="490"><subfield code="a">Symposium On The Programming And Utilisation Of Research Reactors, Vienna, 1961</subfield></datafield><datafield ind1=" " ind2=" " tag="852"><subfield code="a">16892</subfield></datafield></record></collection>